3088 5214
657 1014 1008 1151 Praefatio.
1119 1063 1135 1084 ·

242 1341 245 1350 ·
325 1296 446 1391 „Cum
477 1297 637 1397 primum
670 1297 718 1374 ad
751 1299 964 1374 morborum
1002 1297 1294 1400 epidemicorum
1328 1297 1441 1374 hieto·

222 1421 314 1500 rialn
339 1425 498 1500 animum
525 1403 788 1531 adverterem,
811 1448 885 1502 non
912 1424 1017 1523 potui
1043 1447 1117 1500 non
1141 1449 1225 1502 cum
1255 1425 1440 1526 ingentem

224 1551 570 1658 commentationum
597 1551 850 1652 librorumque
881 1551 929 1626 de
957 1574 1002 1626 ea
1029 1551 1323 1652 conscriptorum
1349 1551 1442 1626 mul·

222 1678 415 1754 titudinem
445 1677 639 1773 admirari,
672 1689 750 1754 tum
778 1677 934 1778 catalogi
960 1701 1110 1770 eorum,
1142 1679 1205 1780 qui
1238 1676 1361 1758 nullus
1387 1679 1441 1754 in·

222 1806 456 1900 veniebatur,
494 1805 684 1882 desiderio
719 1805 958 1884 commoveri.
1019 1805 1181 1884 Exstant
1218 1808 1366 1908 quidem
1401 1805 1439 1881 in

221 1933 389 2032 pluribus
416 1933 591 2032 operibur
622 1933 670 2010 de
700 1933 909 2010 medicinae
935 1933 1091 2011 bietoria
1120 1933 1230 2012 editis
1261 1934 1437 2010 librorum

222 2063 488 2163 permultorum
530 2061 577 2150 de
617 2062 830 2136 morborum
866 2060 1022 2160 historic
1054 2060 1171 2154 tituli,
1212 2086 1245 2136 v.
1275 2087 1307 2138 c.
1339 2060 1438 2161 apud

220 2185 483 2280 Heliorum,
513 2189 874 2286 Ploucquetum,
903 2187 1230 2289 Sprengelium
1256 2190 1338 2282 rel,
1365 2187 1438 2264 ein-

218 2318 383 2416 gularem
414 2314 696 2392 remistanum
729 2315 908 2392 librorum
943 2316 1123 2392 rationem
1155 2293 1265 2392 nemo
1298 2314 1437 2392 habuit.

218 2503 242 2539 „
254 2443 501 2520 Bibliotheca
534 2443 730 2518 loimica“.
755 2443 873 2538 enim,
908 2467 1017 2543 quam
1050 2443 1210 2518 Adami
1228 2428 1361 2520 'edidit
1389 2486 1435 2500 -

218 2570 394 2673 (Vindob.
415 2571 528 2646 1784.
553 2570 607 2669 8.)
624 2615 672 2628 --
689 2581 727 2646 et
749 2570 926 2648 librorum
949 2571 997 2646 de
1017 2581 1125 2671 poete
1141 2570 1434 2670 conscriptorum

216 2699 379 2794 iudicer,
421 2698 484 2798 qui
523 2697 621 2797 apud
662 2697 879 2774 Frarium
921 2697 1096 2796 („Sullu
1130 2707 1242 2798 pecte
1272 2724 1294 2772 e
1328 2689 1439 2774 aulld

212 2825 397 2925 poddb‘ca
412 2828 771 2916 amministroeione
790 2828 1030 2902 cunitoriaf‘
1059 2823 1362 2919 Veneria,1840.
1381 2823 1435 2920 8.)

215 2956 406 3054 leguntur,
436 2979 484 3028 ne
517 2951 600 3054 ejus
629 2952 749 3052 ipsius
778 2953 928 3053 quidem
961 2953 1100 3048 morbi,
1131 2952 1180 3028 de
1210 2975 1283 3052 quo
1310 2962 1434 3049 agunt,

216 3084 434 3181 completam
461 3080 625 3180 satisque
655 3090 863 3156 accuratam
895 3080 1123 3156 literaturam
1150 3078 1357 3179 perbibent.

317 3207 425 3308 Quae
453 3233 536 3284 cum
562 3206 615 3282 ita
648 3218 793 3302 essent,
827 3231 900 3282 uon
933 3206 1126 3328 dubitavi,⁸
1146 3205 1325 3282 librorum
1359 3203 1432 3278 die·

213 3333 529 3435 eermtionumque
568 3334 1016 3436 epidemiograpbicorum
1057 3333 1239 3427 omnium,
1275 3355 1432 3432 quornm

213 3461 273 3535 vel
307 3459 390 3560 ipra
424 3461 615 3559 exempla,
648 3463 707 3540 vel
741 3461 839 3540 tituli
879 3461 969 3538 mibi
1001 3461 1266 3554 occurrebant,
1301 3457 1431 3534 inscri-

214 3587 361 3686 ptiones
387 3587 621 3685 decoribcre,
646 3587 855 3688 descriptas
877 3589 1073 3688 colligere,
1097 3589 1271 3697 collectas
1299 3610 1431 3662 secun·
1470 3648 1477 3661 .

100 3709 106 3714 ’
213 3712 300 3790 dum
334 3737 513 3827 ennorum
543 3717 712 3792 ordinem
740 3741 978 3816 componere.
1030 3715 1122 3794 Mox
1155 3741 1270 3815 super
1296 3738 1431 3814 exepe-

213 3842 411 3920 ctationem
450 3854 582 3920 auctus
625 3854 684 3920 est
719 3843 942 3921 rcbedarum
981 3867 1157 3936 acervus,
1197 3866 1269 3917 nec
1307 3850 1430 3916 tamen

210 3968 402 4068 improbus
427 3972 532 4048 labor
558 3971 715 4048 utilitate
740 3972 870 4048 caruit.
921 3970 1079 4048 Publice
1100 3995 1191 4047 vero
1216 3969 1288 4044 ieta
1315 3968 1429 4046 edere

211 4119 259 4174 ue
277 4095 317 4172 in
336 4109 495 4174 mentem
518 4098 666 4198 quidem
686 4098 777 4175 mibi
794 4099 970 4194 venisset,
992 4097 1064 4176 nisi
1079 4095 1136 4174 vir
1157 4096 1428 4172 illustrissimus

211 4233 322 4322 atque
342 4223 594 4321 doctissimus,
617 4227 726 4303 Beat.
742 4225 1021 4306 leudoricus
1038 4222 1287 4320 Ghoulaut‚
1311 4224 1427 4300 Dres·

211 4349 350 4446 dennis,
358 4363 401 4428 ut
414 4375 506 4428 suec
513 4351 788 4463 Bibliothecae
798 4353 1175 4460 medico-betoricae
1181 4351 1308 4438 titulo
1323 4378 1426 4429 mcor

210 4475 387 4556 clamem
408 4506 469 4558 mo
492 4481 757 4560 admonuisset.
795 4482 877 4559 Nec
898 4492 1021 4560 tamen
1045 4481 1097 4576 id,
1121 4492 1278 4581 negante
1299 4469 1425 4559 biblio·
