3088 5214
1380 369 1421 420 11

205 579 445 656 bibliothecas
472 577 531 653 vel
557 575 836 676 bibliopolarum
864 578 1036 652 tabernas
1067 576 1245 671 indicavi,
1278 578 1315 652 in
1343 578 1430 678 qui»

205 708 294 799 bus,
321 704 502 780 rariorum
529 705 750 805 pracsertim
788 706 970 805 exempla,
996 713 1147 805 praesto
1173 714 1317 805 sput.“¹⁵

306 833 421 924 Haec
446 833 527 908 lere
555 819 652 927 sunt,
676 857 771 933 quoe
797 843 882 908 autc
904 833 973 908 hos
991 832 1118 932 viginti
1138 857 1253 910 anuos
1279 829 1325 908 od
1349 832 1422 932 pri·

205 985 298 1038 mam
333 959 504 1061 opusculi
537 959 739 1038 editionem
769 961 959 1060 praelatus
989 985 1109 1058 sum„
1141 959 1248 1036 Nunc
1275 959 1420 1054 addam,

205 1089 306 1190 quid,
330 1101 371 1166 ut
394 1111 510 1164 novae
533 1087 707 1166 editionis
733 1089 933 1176 molestias,
960 1089 1058 1164 baud
1083 1087 1231 1188 quidem
1254 1087 1421 1187 exiguas,

205 1216 368 1290 subirem
397 1241 455 1290 me
480 1215 731 1327 commoverit.
1320 1222 1322 1226 ’

308 1343 402 1419 Cum
437 1342 525 1417 iude
544 1320 608 1419 'ex
648 1367 694 1419 eo
727 1351 916 1442 ternpore,
949 1368 1024 1442 qun
1060 1343 1218 1442 primum
1247 1340 1419 1418 'libellum

204 1469 414 1564 edideram,
443 1469 534 1546 satis
562 1471 718 1570 amplam
745 1494 925 1548 novorum
952 1469 1129 1547 librorum
1155 1471 1420 1569 titulorumque

205 1595 500 1695 suppellectilem
535 1597 788 1698 collegissem,
828 1599 944 1674 multo
978 1596 1098 1674 minus
1132 1609 1235 1674 recte
1268 1611 1428 1698 recepta·

204 1725 262 1800 vel
288 1724 548 1800 emendassem
571 1726 630 1802 vel
656 1723 887 1827 rejecissem,
912 1751 999 1804 mox
1028 1736 1128 1802 tanta
1154 1725 1298 1834 exstitit
1319 1723 1421 1800 addi·

204 1851 348 1928 tionum
365 1863 403 1928 ct
422 1853 719 1930 emendationum
740 1854 858 1954 copia,
886 1866 927 1931 ut
950 1879 1034 1930 cum
1054 1853 1155 1950 mihi,
1180 1864 1257 1930 tum
1280 1852 1421 1946 amicis,

204 1965 301 2054 inter
338 2004 431 2078 quos
471 1981 876 2080 Daremborgium,
918 1979 1189 2074 Parisienscm,
1230 1979 1419 2056 nominare

205 2105 356 2200 sufficit,
382 2131 499 2186 novae
523 2107 697 2184 editionis
722 2108 915 2186 consilium
938 2107 1047 2183 facile
1073 2110 1308 2208 probaretur.

291 2234 495 2334 ¹Imprimis
529 2261 619 2316 vero
654 2262 712 2312 me
748 2236 786 2312 id
821 2236 1035 2331 commovit,
1069 2235 1117 2310 de
1148 2261 1222 2336 quo
1251 2233 1419 2334 pluribus

204 2361 326 2438 verbis
366 2362 565 2442 dicendum
599 2377 668 2438 est.
729 2363 845 2440 Brevi
884 2363 980 2438 enim
1020 2373 1188 2462 tempore
1225 2375 1418 2462 postquam

205 2491 393 2590 catalogus
421 2515 528 2566 meus
552 2490 763 2590 prodierat,
791 2491 1172 2584 Thierlelderus,
1207 2475 1418 2583 Miscensis,

204 2615 259 2690 vir
283 2616 331 2692 de
353 2613 510 2692 historia
539 2617 746 2692 medicinae
774 2617 1047 2712 meritissimus,
1082 2616 1417 2713 „Admtamentff

203 2742 251 2817 od¹
276 2742 533 2820 bibliothecam
560 2767 678 2820 meam
707 2743 1105 2844 epidemiographioam
1133 2738 1261 2838 edidit,
1286 2743 1419 2843 inqua

42 2891 48 2904 ·
87 2923 93 2926 -
202 2873 386 2969 permulta
421 2897 441 2946 a
479 2897 539 2946 ma
574 2871 710 2948 omissa
749 2872 909 2966 addidit,
946 2873 1080 2948 multos
1120 2895 1270 2947 errores
1303 2895 1326 2946 a
1360 2896 1419 2946 me

204 2999 420 3074 commissos
443 2998 663 3092 emendavit,
682 3041 722 3056 -
745 3001 859 3076 multa
881 2987 1040 3098 quoque,
1065 2998 1098 3072 si
1118 2998 1271 3076 liberius
1292 2998 1418 3074 dicere

202 3127 258 3200 fas
290 3127 366 3219 est,
406 3124 562 3226 adjecit,
597 3149 692 3224 quae
723 3127 782 3202 vel
811 3125 893 3225 ipse
926 3128 1094 3201 consulto
1124 3125 1320 3200 omiseram
1350 3126 1419 3214 vel,

202 3253 234 3327 si
256 3265 343 3328 uota
367 3254 455 3329 mihi
481 3253 651 3348 fuissent,
679 3253 898 3329 omisissem.
952 3253 1052 3354 Quid
1081 3253 1211 3328 multa!
1262 3251 1352 3326 Mox
1375 3275 1420 3326 ea

95 3461 98 3470 Δ
203 3406 298 3480 quae
325 3380 408 3480 ipse
437 3382 659 3481 collegeram
685 3407 768 3459 cum
797 3380 844 3456 iis
871 3405 966 3481 quae
996 3379 1094 3480 apud
1121 3379 1418 3456 Thierfelde-

203 3531 297 3582 rum
356 3507 479 3583 inveni
535 3508 740 3608 probabilia
796 3509 1045 3585 additamenta
1096 3519 1134 3584 et
1194 3507 1418 3584 emendatio-

204 3659 268 3708 nes
310 3633 504 3736 coujunxi,
541 3662 658 3736 usque
691 3638 737 3713 ad
775 3635 1035 3712 annum1860
1070 3633 1248 3734 perduxi,
1282 3635 1418 3710 iterum

202 3760 411 3861 iterumque
456 3764 666 3864 composui,
714 3765 814 3865 typis
860 3764 1020 3864 denique
1059 3762 1301 3864 imprimenda
1343 3763 1417 3836 tra·

202 3887 297 3983 didi,
333 3902 582 3992 quantumque
613 3891 736 3990 potui,
769 3892 914 3984 studui,
947 3902 989 3966 ut
1015 3903 1053 3966 et
1078 3891 1165 3995 mihi
1194 3900 1232 3964 et
1256 3889 1321 3982 iis,
1354 3889 1417 3989 qui

156 4066 158 4068 -
200 4040 324 4090 rerum
352 4017 796 4118 cpidemiographicarum
824 4017 1090 4094 accuratiorem
1118 4021 1253 4096 habent
1278 4045 1418 4114 curam,

201 4142 409 4218 satilecisse
436 4144 598 4221 viderer.
633 4191 670 4201 -
705 4145 1043 4221 Commentatioues
1074 4146 1165 4220 actis
1198 4145 1416 4221 societatum

201 4269 428 4345 eruditarum
461 4249 724 4371 naualibusque
750 4271 924 4351 litorariis
955 4273 1114 4348 insertas
1140 4274 1177 4347 in
1204 4273 1298 4346 hanc
1327 4298 1416 4371 quo-

201 4422 273 4494 que
313 4397 511 4475 editionem
553 4424 625 4475 nou
667 4397 814 4500 recepi,
863 4398 994 4475 iisdem
1036 4399 1184 4500 quidam
1225 4410 1417 4504 permotus

200 4524 335 4620 causis,
363 4551 454 4626 quas
476 4553 591 4628 supra
615 4527 786 4604 indicavi.
825 4527 949 4604 Tanto
971 4528 1173 4604 faciliorem
1194 4553 1284 4608 vero
1304 4553 1416 4626 spero
