3088 5214
741 1362 839 1447 lv.

301 1519 413 1606 iitri
439 1518 494 1604 ari
518 1519 742 1625 speciatam
767 1517 997 1605 morborum
1023 1519 1333 1624 spitamiaormm

455 1774 463 1789 .
555 1669 773 1756 historiam
795 1669 1069 1774 pertimentes.

504 1855 629 1914 Hormi
648 1854 802 1924 antiqui
819 1857 862 1912 im
883 1855 1116 1914 universum.

201 1988 254 2048 He
261 2007 352 2066 pne,
376 1984 484 2062 Progr.
508 1982 546 2042 de
559 1982 700 2042 febribus
713 1982 896 2062 epidernicis
908 1983 1025 2041 Rornae
1039 1981 1118 2040 falso
1138 1981 1169 2041 in
1185 1983 1319 2061 pestium
1336 2003 1418 2042 cen-

243 2105 312 2147 §iiiii
333 2084 451 2146 raiatia.
496 2080 700 2144 Gott.1782.
724 2081 753 2143 4.
799 2099 880 2164 (Inest
897 2117 997 2165 quoque
1015 2103 1041 2148 in
1059 2101 1112 2164 ejus
1130 2101 1278 2166 opusculis.)

200 2189 474 2268 Wuwrueirnm.
495 2189 534 2248 i..
563 2183 722 2244 Disasist.
742 2186 944 2263 antiquitates
971 2187 1063 2264 typhi
1084 2187 1268 2265 contagiosi.
1299 2187 1418 2249 Briuim.
1536 2195 1537 2198 ’

324 2281 354 2342 2.
397 2280 428 2341 li.

201 2281 417 2457 Huiiiand,
440 2382 499 2444 Ch.
523 2385 583 2459 W„
611 2383 717 2444 Ueber
741 2385 791 2444 die
814 2384 998 2462 Kricgspest
1024 2385 1104 2444 alter
1126 2387 1189 2445 und
1212 2406 1312 2446 neuer
1334 2387 1417 2458 Zeia,

242 2485 300 2546 mit
337 2485 532 2544 besonderer
566 2484 738 2544 Riicirsicht
774 2484 831 2544 auf
858 2485 913 2543 das
945 2483 1133 2545 Aderiassen
1172 2487 1204 2546 in
1239 2487 1417 2548 derseiben.

243 2585 365 2659 Berlin,
388 2581 482 2645 iaia.
512 2582 541 2646 8.
586 2601 703 2667 (Legitur
728 2603 802 2652 eoam
826 2603 852 2650 in
875 2601 1063 2663 susuoourn.
1083 2605 1107 2652 a.
1131 2605 1212 2669 proso.
1237 2603 1321 2652 Horou.
1345 2609 1418 2653 isra.

243 2703 327 2768 tuni.)
363 2684 747 2762 Belgicezrimst.1814.
793 2683 823 2747 8.
1090 2683 1092 2686 ’

199 2755 305 2857 ociis,
323 2793 371 2855 li„
401 2785 483 2844 Diss.
516 2785 554 2845 de
584 2787 668 2847 malo
699 2785 840 2867 typhode
859 2785 992 2846 Graecis
1019 2789 1227 2849 diversimode
1249 2792 1419 2870 descripto.

187 2869 195 2884 ¹
242 2887 329 2966 Lips.
352 2881 445 2947 1827.
469 2881 499 2944 8.
883 2879 884 2884 ’

241 3023 285 3033 -
323 3022 366 3031 -
407 3021 450 3030 -
492 2987 578 3046 Artis
601 2989 741 3049 medicae
763 2989 927 3068 principes
951 2989 1140 3048 decuranda
1162 2989 1251 3050 febre
1268 2991 1419 3069 typhode,

242 3088 413 3168 comparati
454 3087 487 3146 in
524 3096 727 3168 conspectum
764 3088 960 3148 historicum.
1023 3088 1197 3150 Praemisit
1234 3093 1420 3170 quaestione

243 3190 282 3250 de
317 3190 496 3250 auctoribus
530 3191 651 3267 graecis
686 3192 769 3250 eirea
801 3191 964 3249 notionem
993 3191 1128 3252 affectus
1166 3192 1315 3270 typhodis
1349 3192 1417 3251 dis-

241 3290 469 3370 sentientibus.¹
507 3289 656 3373 Lipsiae,
678 3288 768 3351 1830.
812 3287 842 3348 8.

200 3391 338 3456 Osann,
355 3391 428 3455 Fr„
468 3389 515 3450 De
548 3391 617 3450 loco
648 3391 721 3450 Ruii
743 3391 876 3470 Ephesii
901 3390 1015 3450 medici
1042 3392 1125 3469 apud
1148 3391 1324 3456 Oribasium
1346 3413 1415 3453 ser-

242 3491 329 3560 vato,
357 3486 421 3545 sive
452 3491 490 3549 de
517 3499 607 3570 peste
639 3491 740 3569 libyca
765 3493 947 3571 disputatio.
993 3491 1095 3550 Giess.
1124 3487 1213 3552 1834.
1257 3491 1287 3552 4.

607 3643 737 3701 Pestis
756 3645 1019 3704 Atheniensis.

691 3759 740 3803 430
759 3763 816 3805 ante
835 3757 894 3806 Chr.
913 3774 937 3806 n.

197 3862 344 3925 Fabius
369 3867 577 3953 Paulinum,
605 3874 780 3949 Utinensis,
800 3876 1036 3936 Praeiectiones
1060 3876 1212 3949 Marciae,
1236 3875 1299 3934 sive
1318 3874 1414 3934 Com-

241 3967 394 4026 mentario
427 3971 459 4030 in
494 3972 689 4051 Thucydidis
723 3975 886 4034 historiam
920 3996 977 4035 seu
1008 3977 1220 4036 narrationem
1251 3977 1290 4036 de
1325 3983 1415 4054 peste
1536 4015 1537 4036 2

238 4065 488 4130 Atheniensium.
537 4073 650 4134 Vellet.
675 4071 766 4135 1603.
804 4075 833 4136 4.
878 4091 961 4157 (Opus
985 4095 1045 4142 satis
1069 4095 1179 4157 amplum
1207 4103 1281 4159 atque
1306 4096 1413 4153 doctum,

239 4163 331 4216 Galerii
348 4183 407 4218 vero
425 4173 531 4234 vestigia
549 4175 622 4222 riimis
640 4191 762 4238 premens.
801 4177 967 4243 [Goetting.])

196 4250 329 4328 Sprat,
355 4254 428 4328 Tin,
450 4255 520 4315 The
540 4259 654 4336 plague
679 4261 715 4318 of
737 4263 868 4322 Athens.
912 4264 1056 4338 London,
1080 4263 1170 4327 lato.
1216 4263 1244 4328 8.

194 4349 361 4428 nyctei,
390 4355 429 4429 J.‚
465 4357 741 4436 Thuiyuides,
773 4383 831 4422 von
860 4365 917 4425 der
939 4365 1013 4424 Pest
1035 4368 1066 4424 in
1090 4367 1206 4427 Athen.
1250 4368 1315 4427 Aus
1343 4369 1412 4426 ‹lern

236 4451 465 4516 Griechischen
482 4460 586 4518 iibers.
609 4459 674 4519 und
690 4463 748 4520 mit
760 4463 919 4526 Zusitzen
931 4467 995 4524 und
1012 4467 1269 4546 Anmerkungen.
1315 4470 1414 4528 Nebst

234 4553 339 4613 einaim
360 4556 515 4635 Amhange
535 4560 614 4618 iiber
645 4561 695 4619 die
718 4561 792 4622 Pest
819 4565 852 4625 in
874 4567 1042 4646 Aegyptam
1065 4567 1213 4626 wihrend
1240 4569 1296 4628 der
1322 4570 1412 4628 fran-

234 4654 398 4714 aiisisohen
422 4655 583 4738 Feidzi’rge
604 4679 630 4719 v.
655 4659 689 4720 P.
712 4663 897 4723 Assalini.
943 4666 1047 4741 wien,
1073 4664 1165 4726 1810.
1210 4665 1241 4727 8.
