3088 5214
140 373 165 424 X

140 589 432 683 excusationem,
456 613 539 664 cum
567 585 652 686 qnia
677 610 747 661 nec
773 587 856 686 ipse
883 587 1270 684 Thierfelderns,
1294 591 1358 690 qni

140 724 224 790 ante
243 715 319 803 bos
343 714 549 791 octodecim
583 738 698 789 annos
725 739 855 792 earum
884 716 1230 792 commentationum
1262 730 1356 794 cata·

138 843 261 942 logum
286 842 402 918 edere
430 827 859 951 constitnit,‘promissis
883 829 1005 937 stetit,
1039 855 1115 918 tum
1146 845 1243 943 quod
1273 871 1357 950 per-

138 971 334 1045 multarnm
362 968 546 1069 ejusmodi
573 969 922 1046 commentationum
947 971 1043 1048 tituli
1065 973 1247 1073 propositi
1272 989 1358 1051 sunt

137 1098 175 1172 in
214 1097 308 1173 libro
343 1097 515 1198 egregio,
549 1123 658 1197 quem
691 1100 801 1197 Aug.
835 1084 1011 1174 Hirsch
1049 1101 1096 1175 de
1128 1100 1283 1178 historia
1318 1116 1357 1178 et

128 1209 361 1324 'geographia
389 1227 600 1302 morborum
628 1249 749 1324 nuper
776 1224 904 1300 edidit.
1008 1320 1016 1335 Ι

153 1372 157 1382 ·
238 1337 414 1428 Ceterum
455 1353 618 1430 breviter
656 1353 854 1428 dicendum
889 1365 947 1428 est
982 1353 1029 1427 de
1063 1353 1134 1447 iis,
1173 1379 1267 1454 quae
1309 1357 1355 1430 ad

137 1490 328 1555 externam
363 1482 502 1556 alterae
535 1478 647 1580 bujus
676 1481 849 1557 editionis
876 1482 1030 1556 formam
1059 1482 1257 1580 pertinent.
1311 1485 1353 1558 In

6 1652 8 1657 -
135 1605 265 1682 fronte
284 1608 393 1707 posui
420 1609 550 1707 plenos
575 1631 703 1683 earum
731 1608 989 1717 collectionum
1017 1609 1242 1685 medicorum
1270 1612 1355 1690 titn·

135 1735 204 1828 los,
238 1757 392 1834 quarum
426 1735 464 1808 in
497 1734 581 1834 ipso
613 1734 707 1810 libro
739 1735 972 1834 frequentius
1007 1736 1143 1812 mentio
1176 1737 1352 1839 injicitur.

135 1860 214 1936 Eos
244 1887 335 1938 vero
367 1861 501 1956 libros,
535 1861 598 1962 qui
630 1863 688 1938 vel
717 1886 844 1937 rerum
875 1863 1144 1962 descriptarum
1175 1865 1359 1964 gravitate¹

134 1991 193 2064 vel
211 1999 405 2066 auctorum
421 1989 610 2090 diligentia
629 1991 828 2086 excellunt,
847 1989 1115 2090 pinguioribus,
1136 2015 1227 2091 quas
1245 1965 1353 2092 typo-

134 2118 264 2217 graphi
292 2117 439 2212 dicunt,
472 2118 601 2192 formis
633 2117 805 2194 indicavi.
827 2161 877 2176 -
905 2119 949 2194 ln
976 2120 1051 2194 fine
1084 2117 1224 2220 adjeci,
1258 2147 1353 2220 quac

75 2271 77 2276 ·
134 2243 375 2346 interipsum
405 2244 519 2320 libelli
544 2245 826 2348 impressionem
852 2247 912 2321 vel
944 2246 1175 2320 emendanda
1199 2249 1257 2320 vel
1290 2249 1352 2322 ad·

134 2369 257 2445 denda
301 2373 557 2447 occurrebant.
602 2415 647 2430 —-
692 2370 865 2470 Denique
896 2371 945 2445 in
991 2385 1184 2448 anctorum
1227 2373 1358 2450 indice
1480 2447 1484 2454 .

133 2497 247 2573 libros
285 2499 331 2572 a'd
367 2501 563 2594 choleram
604 2497 833 2597 pertinenter
868 2497 997 2574 formis
1032 2497 1087 2572 sic
1126 2499 1234 2575 dictis
1269 2527 1350 2578 cnr-

134 2625 223 2702 sivis
249 2625 421 2703 indicavi.

133 2823 135 2827 .
233 2755 392 2850 Jam,-·
405 2766 447 2830 ut
461 2755 593 2851 iisdem
611 2756 733 2832 verbis
749 2753 907 2832 orationi
926 2755 1038 2829 finem
1058 2755 1254 2855 imponam,
1272 2758 1350 2857 qui·

133 2883 203 2957 bns
222 2881 261 2956 in
288 2881 405 2982 prima
426 2883 589 2960 editione
610 2910 700 2988 usus
722 2909 816 2977 sum,
830 2925 881 2940 -
895 2881 977 2984 jam
997 2907 1122 2981 spero,
1145 2881 1227 2960 fore
1249 2894 1291 2962 ut
1313 2897 1351 2960 et
1497 2893 1503 2905 '

131 3010 203 3085 hoc
230 3011 340 3086 modo
367 3013 555 3111 catalogus
584 3038 692 3112 qnam
724 3014 798 3087 late
831 3020 957 3111 pateat
988 2991 1349 3111 epidemiograpbiae

133 3157 284 3237 campus
306 3151 554 3240 quantumque
581 3140 700 3217 laudis
727 3140 833 3214 ineo
861 3137 1037 3238 supersit,
1065 3139 1209 3213 doceat.
1257 3139 1349 3213 Mibi

131 3263 204 3361 ipsi
239 3289 327 3340 vero
367 3265 457 3340 nibil
499 3267 614 3364 magis
652 3267 690 3339 in
726 3265 820 3340 votis
861 3275 939 3355 est,
981 3285 1090 3360 quam
1130 3274 1171 3336 ut
1210 3265 1255 3337 ab
1288 3263 1348 3357 iis,

133 3389 266 3489 quibus
297 3391 435 3491 largior
464 3415 576 3490 quam
608 3390 698 3465 mibi
732 3411 910 3464 concessa
948 3399 1006 3461 cst
1038 3387 1215 3464 librorum
1251 3413 1349 3466 com·

131 3505 378 3617 parandorum
423 3516 698 3618 opportunitas,
746 3515 882 3591 omissa
922 3515 1195 3614 suppleantur,
1225 3529 1348 3593 errata

38 3649 43 3658 ’
131 3646 387 3722 emendentur.

204 3800 350 3920 Scripsi
375 3800 413 3876 in
440 3800 680 3876 universitate
703 3799 894 3875 literarum
923 3754 1275 3899 Grypbisvalden'si,

355 3929 391 4002 d.
419 3928 544 4004 xvlr.
574 3953 619 4002 m.
650 3927 744 4002 llec.
773 3951 805 4001 a.
832 3925 1116 4000 Mncccnxr.

910 4154 981 4236 ΙΙ.
1010 4143 1245 4236 flaescr.
