3088 5214
89 254 93 263 ’
114 290 182 346 vlu

112 502 216 601 pola,
249 501 334 576 fieri
364 499 497 608 potuit.
547 501 680 602 Itaque
714 501 871 576 schedas
906 489 1029 596 meas,
1063 503 1101 578 in
1133 505 1329 607 singularis

112 628 224 704 libelli
256 622 417 704 formam
444 629 634 722 redactas,
674 629 875 721 illaulrio,
910 629 1130 729 bibliopolae
1160 631 1329 724 lenensi,

112 755 373 854 imprimendas
400 753 548 830 tradidi.

215 883 422 983 colligendi
448 907 539 959 vero
572 907 617 957 ea
648 881 718 958 suit
748 881 863 978 ratio,
895 893 954 978 ut,
984 883 1115 984 paucis
1147 885 1330 988 exceptis,

110 1031 241 1082 eorum
275 1019 431 1085 tantum·
449 1008 749 1110 dissertationum
783 1011 1035 1110 librorumque
1065 1037 1191 1088 curam
1224 1039 1329 1113 gere·
1424 1106 1426 1110 v

111 1159 210 1229 rem,
251 1135 313 1234 qui
345 1139 557 1213 morborum
591 1138 882 1238 epidemicorum
916 1162 936 1211 a
971 1140 1165 1215 medicis
1204 1140 1329 1239 impri-

114 1262 183 1336 mis
213 1265 493 1347 obs‘ervatorum
522 1265 795 1366 descriptiones
829 1255 1032 1360 continaiss,
1058 1267 1238 1366 neglectis
1269 1267 1328 1360 iis,

113 1391 176 1490 qui
211 1393 260 1468 de
291 1417 420 1467 eorum
451 1395 662 1470 morborum
694 1393 837 1487 causis,
868 1403 1000 1468 natura
1027 1387 1114 1468 etc.v
1130 1393 1331 1492 conscripti

35 1560 40 1571 ·
112 1529 217 1605 sunt,
249 1520 470 1618 praesertim
497 1519 562 1615 iis,
597 1519 661 1620 qui
689 1519 726 1594 in
753 1545 862 1599 usum
885 1545 995 1620 quem
1021 1530 1154 1596 vocant
1178 1524 1331 1622 popula·

110 1671 189 1720 rem
226 1646 316 1720 editi
346 1658 444 1722 sunt.
496 1646 605 1723 Nulla
640 1673 788 1752 quoque
806 1673 950 1738 ¹earum
984 1649 1329 1726 commentationum

111 1773 234 1853 habita
267 1785 325 1848 est
346 1775 475 1870 ratio,
514 1800 609 1874 quae
642 1775 695 1850 in.
722 1775 1024 1874 ephemeridibus
1059 1787 1170 1876 atque
1203 1777 1330 1852 diariis

111 1899 266 1976 medicis
299 1903 487 2001 leguntur*
543 1903 640 1978 Sunt
672 1903 822 2002 quidem
857 1927 907 1978 ex
941 1901 999 1978 his
1034 1907 1230 2003 permulta.
1249 1929 1330 2005 grn-

5 2071 9 2078 ·
110 2027 271 2125 sissima,
297 2055 367 2106 nec
390 2042 514 2107 tamen
536 2055 690 2130 sperare
711 2031 829 2132 potui,
853 2033 935 2108 lore
961 2040 1012 2124 ut,
1037 2031 1070 2105 si
1089 2032 1220 2108 harum
1242 2057 1330 2132 quo-

111 2177 183 2247 que
224 2155 436 2256 colligerem
470 2157 752 2256 inscriptiones,
792 2157 881 2234 viris
921 2157 1041 2234 doctis
1075 2169 1134 2234 ets
1149 2159 1330 2234 industria

110 2305 193 2357 mea
219 2284 412 2360 sufficeret
437 2295 476 2360 et
501 2285 558 2360 rei
584 2283 722 2360 utilitas
748 2287 984 2384 probaretur.
1035 2283 1108 2360 Est
1134 2284 1230 2359 enim
1257 2311 1330 2362 non

110 2412 230 2486 solum
276 2395 430 2488 istarum
476 2413 822 2488 commentationum
865 2437 1042 2488 numerus
1089 2411 1330 2505 incredibilis,

64 2613 68 2621 ,
110 2561 240 2614 verum
267 2534 376 2614 etiam
400 2539 522 2614 aditus
545 2539 592 2615 ad
614 2541 716 2640 ipsas
740 2539 991 2616 difficillimus.
1037 2539 1208 2636 Accedit,
1231 2542 1329 2640 quod

107 2642 230 2760 bucta,
248 2677 287 2742 et
308 2691 546 2766 summopere
566 2667 715 2766 quidem
737 2677 857 2762 aucta,
878 2665 963 2742 libri
978 2667 1094 2742 moles
1110 2667 1330 2776 bibliopolae

111 2791 258 2866 minime
286 2795 499 2893 placuisset.

213 2919 319 2996 Ordo
354 2922 515 3022 denique
548 2922 632 2998 libri
665 2923 726 2998 bic
762 2931 833 2996 est.
885 2921 929 2997 In
962 2920 1086 2996 fronte
1117 2920 1228 3020 posui
1264 2945 1330 2997 eos

111 3057 302 3143 auctores,
343 3049 405 3148 qui
444 3051 492 3126 de
522 3053 735 3128 morborum
771 3047 1062 3149 epidemicorum
1100 3049 1255 3125 bistoria
1292 3049 1330 3123 in

111 3173 322 3252 universum
357 3178 600 3278 scripserunt.
660 3151 838 3276 Reliquas
871 3177 1096 3274 singularum
1131 3175 1329 3272 epidemic-

59 3310 63 3319 '
108 3327 191 3375 rum
221 3304 491 3403 descriptiones
521 3306 725 3381 secundum
752 3303 919 3378 ordinem
946 3301 1246 3399 chronologicum
1278 3301 1331 3376 ita

109 3429 296 3530 disposui,
332 3443 373 3508 ut
407 3435 551 3508 numeri
587 3431 833 3532 superscripti
868 3453 1001 3521 annos,
1038 3428 1171 3527 quibus
1203 3429 1330 3504 obser·

110 3557 183 3632 vati
210 3569 296 3634 sunt
322 3559 453 3656 morbi,
479 3559 698 3635 indicarent.
744 3557 798 3634 lis
824 3556 940 3650 libris,
967 3556 1015 3632 da
1041 3581 1198 3656 quorum
1225 3555 1329 3632 annis

110 3687 169 3762 vel
204 3686 251 3761 de
284 3712 440 3786 quorum
478 3687 691 3764 auctoribus
732 3683 913 3780 dubitavi,
955 3683 1098 3784 rignum
1132 3684 1155 3759 ’ἒ
1191 3682 1329 3758 addidi.

109 3812 245 3889 Libros
278 3812 327 3888 da
361 3815 544 3890 Gholerae
579 3812 767 3889 orientalis
799 3811 955 3887 historia
989 3821 1028 3885 et
1059 3810 1163 3908 ipsos
1198 3809 1329 3884 ordine

110 3941 370 4042 chronologico
398 3953 633 4018 enumeratos
667 3941 706 4016 in
734 3940 809 4014 fine
836 3937 993 4012 seorsim
1020 3937 1210 4014 collocavi.
1264 3937 1330 4011 Sa-

108 4066 182 4142 tius
216 4069 313 4144 enim
348 4070 457 4164 duxi,
490 4071 559 4146 hos
595 4095 616 4144 a
648 4069 802 4167 reliquis
839 4089 1060 4160 secernere,
1096 4090 1203 4164 quam
1233 4065 1331 4141 inter

110 4207 255 4272 ceteras
276 4198 455 4274 librorum
478 4196 742 4297 inscriptiones
763 4193 955 4296 disjicere.
972 4189 1242 4268 —Librorum
1267 4193 1330 4266 de·

108 4322 220 4422 nique
247 4349 340 4424 qnos
373 4324 456 4424 ipse
484 4324 559 4424 legi
590 4322 706 4399 titulis
733 4322 821 4398 binc
853 4321 941 4398 inde
973 4317 1097 4420 adjeci
1123 4319 1251 4396 breuia
1282 4319 1330 4394 de
1409 4339 1410 4343 ’

107 4451 274 4549 ipsorum
300 4454 360 4530 vel
385 4455 564 4552 graritata
591 4452 650 4530 vel
676 4448 826 4529 leuitate
853 4447 1019 4549 judicia,
1044 4471 1158 4547 saepe
1182 4472 1331 4548 quoque
1416 4490 1422 4501 ·
